<?xml version="1.0" encoding="UTF-8"?><collection xmlns="http://www.loc.gov/MARC21/slim"><record><leader>00369nam--2200133-i-4500</leader><controlfield tag="001">000013603</controlfield><controlfield tag="002">20161230</controlfield><controlfield tag="005">20161230201030</controlfield><controlfield tag="008">060222s1000------------r-----000-0-eng-d</controlfield><datafield ind1=" " ind2=" " tag="080"><subfield code="a">621.375.826:778.38(043)</subfield></datafield><datafield ind1=" " ind2=" " tag="100"><subfield code="a">Apostol, Dan</subfield></datafield><datafield ind1=" " ind2=" " tag="245"><subfield code="a">Studii de holografie. contributii la tensometr ia holografica. teza</subfield></datafield><datafield ind1=" " ind2=" " tag="260"><subfield code="a">Bucuresti, Iftar, 1981 139 P</subfield></datafield><datafield ind1=" " ind2=" " tag="852"><subfield code="a">49046</subfield></datafield></record></collection>